
# To normalize:
# bibtool --preserve.key.case=on --preserve.keys=on --pass.comments=on --print.use.tab=off -s -i trees/refs/forest.bib -o trees/refs/forest.bib -- 'new.entry.type {thesis}' -- 'new.entry.type {online}'

# https://www.zbmath.org/ and https://mathscinet.ams.org/mathscinet
# (or the free tool https://mathscinet.ams.org/mrlookup)
# are good sources of complete bibtex entries for mathematics

# To link to an entry in `references.bib` in Mathlib, use the following formats:
#   [Author, *Title* (optional location)][bibkey]
#
# The above is adapted from https://github.com/leanprover-community/mathlib4/blob/master/docs/references.bib

@article{ablamowicz2016clifford,
  title={On Clifford algebras and related finite groups and group algebras},
  author={Ablamowicz, Rafal},
  journal={arXiv preprint arXiv:1610.03583},
  year={2016}
}

@article{atiyah1964clifford,
  title={Clifford modules},
  author={Atiyah, Michael F and Bott, Raoul and Shapiro, Arnold},
  journal={Topology},
  volume={3},
  pages={3--38},
  year={1964},
  publisher={Pergamon}
}

@misc{bar2011spin,
  author={B{\"a}r, Christian},
  title  = {Lecture notes in Spin Geometry},
  year   = {2018},
  url    = {https://www.math.uni-potsdam.de/en/professuren/geometry/teaching/lecture-notes}
}

@article{bulacu2011clifford,
  title={A Clifford algebra is a weak Hopf algebra in a suitable symmetric monoidal category},
  author={Bulacu, Daniel},
  journal={Journal of Algebra},
  volume={332},
  number={1},
  pages={244--284},
  year={2011},
  publisher={Elsevier}
}

@article{dereli2010degenerate,
  title={Degenerate spin groups as semi-direct products},
  author={Dereli, Tekin and Ko{\c{c}}ak, {\c{S}}ahin and Limoncu, Murat},
  journal={Advances in applied Clifford algebras},
  volume={20},
  number={3},
  pages={565--573},
  year={2010},
  publisher={Springer}
}

@article{dutailly2018clifford,
  title={CLIFFORD ALGEBRAS-NEW RESULTS},
  author={Dutailly, Jean Claude},
  year={2018}
}

@article{fauser2002treatise,
  title={A treatise on quantum Clifford algebras},
  author={Fauser, Bertfried},
  journal={arXiv preprint math/0202059},
  year={2002}
}

@article{fauser2004grade,
  title={Grade free product formulae from Gra{\ss}mann-Hopf gebras},
  author={Fauser, Bertfried},
  journal={Clifford Algebras: Applications to Mathematics, Physics, and Engineering},
  pages={279--301},
  year={2004},
  publisher={Springer},
  url={https://arxiv.org/abs/math-ph/0208018}
}

@article{filimoshina2023some,
  title={On some Lie groups in degenerate Clifford geometric algebras},
  author={Filimoshina, Ekaterina and Shirokov, Dmitry},
  journal={Advances in Applied Clifford Algebras},
  volume={33},
  number={4},
  pages={44},
  year={2023},
  publisher={Springer}
}

@book{fulton2013representation,
  title={Representation theory: a first course},
  author={Fulton, William and Harris, Joe},
  volume={129},
  year={2013},
  publisher={Springer Science \& Business Media}
}

@article{gallier2014clifford,
  title={Clifford algebras, clifford groups, and a generalization of the quaternions},
  author={Gallier, Jean},
  journal={arXiv preprint arXiv:0805.0311},
  year={2014}
}

@article{hahn2004clifford,
  title={The Clifford Algebra in the Theory of Algebras, Quadratic Forms, and Classical Groups},
  author={Hahn, Alexander J},
  journal={Clifford Algebras: Applications to Mathematics, Physics, and Engineering},
  pages={305--322},
  year={2004},
  publisher={Springer}
}

@article{hitzer2012introduction,
  title={Introduction to Clifford's geometric algebra},
  author={Hitzer, Eckhard},
  journal={Journal of the Society of Instrument and Control Engineers},
  volume={51},
  number={4},
  pages={338--350},
  year={2012},
  publisher={The Society of Instrument and Control Engineers}
}

@misc{joot2016exploring2,
  title={Exploring physics with Geometric Algebra, book II},
  author={Joot, Peeter},
  year={2016},
  url={https://peeterjoot.com/archives/math2015/gabookII.pdf}
}

@book{li2008invariant,
  title={Invariant algebras and geometric reasoning},
  author={Li, Hongbo},
  year={2008},
  publisher={World Scientific}
}

@misc{liu2016lie,
  author = {Liu, Henry},
  title  = {Notes for Lie Groups and Representations},
  year   = {2016},
  url    = {https://member.ipmu.jp/henry.liu/notes/f16-lie-groups.pdf}
}

@misc{meinrenken2009lie,
  author = {Meinrenken, Eckhard},
  title  = {Lecture notes in MAT 1120HF Lie groups and Clifford algebras},
  year   = {2009},
  url    = {https://www.math.utoronto.ca/mein/teaching/LieClifford/clifford.html}
}

@book{meinrenken2013clifford,
  title={Clifford algebras and Lie theory},
  author={Meinrenken, Eckhard},
  volume={58},
  year={2013},
  publisher={Springer}
}

@book{perwass2009geometric,
  title={Geometric algebra with applications in engineering},
  author={Perwass, Christian and Edelsbrunner, Herbert and Kobbelt, Leif and Polthier, Konrad},
  volume={4},
  year={2009},
  publisher={Springer}
}

@misc{randy2023matrix,
  author = {S, Randy},
  title  = {Matrix Representations of Clifford Algebras},
  year   = {2023},
  url    = {https://www.cphysics.org/article/86175.pdf}
}

@misc{renaud2020clifford,
  title={Clifford algebras lecture notes on applications in physics},
  author={Renaud, Pierre},
  year={2020},
}

@article{rodriguez1996clifford,
  title={On Clifford representation of Hopf algebras and fierz identities},
  author={Rodr{\'\i}guez-Romo, Suemi},
  journal={Foundations of Physics},
  volume={26},
  number={11},
  pages={1457--1468},
  year={1996},
  publisher={Springer}
}

@book{rosen2019geometric,
  title={Geometric multivector analysis},
  author={Ros{\'e}n, Andreas},
  year={2019},
  publisher={Springer}
}

@article{ruhe2024clifford,
  title={Clifford group equivariant neural networks},
  author={Ruhe, David and Brandstetter, Johannes and Forr{\'e}, Patrick},
  journal={Advances in Neural Information Processing Systems},
  volume={36},
  year={2024}
}

@book{sommer2013geometric,
  title={Geometric computing with Clifford algebras: theoretical foundations and applications in computer vision and robotics},
  author={Sommer, Gerald},
  year={2013},
  publisher={Springer Science \& Business Media}
}

@article{trindade2019clifford,
  title={Clifford algebras, multipartite systems and gauge theory gravity},
  author={Trindade, Marco AS and Pinto, Eric and Floquet, Sergio},
  journal={Advances in Applied Clifford Algebras},
  volume={29},
  pages={1--17},
  year={2019},
  publisher={Springer}
}

@misc{weber2013lie,
  author = {Weber, Brian},
  title  = {Lecture notes in MATH 651: Lie Algebras},
  year   = {2013},
  url    = {https://www2.math.upenn.edu/~brweber/Courses/2013/Math651/Math651.html}
}

@misc{wieser2024blueprint,
  author = {Wieser, Eric and Song, Utensil},
  title  = {The Blueprint For Formalizing Geometric Algebra in Lean},
  year   = {2024},
  url    = {https://utensil.github.io/lean-ga/blueprint/}
}

@misc{woit2012lie,
  author={Woit, Peter},
  title  = {Lecture notes in Lie Groups and Representations: Mathematics G4344},
  year   = {2012},
  url    = {https://www.math.columbia.edu/~woit/LieGroups-2012/}
}

@article{marsden2014category,
  title={Category theory using string diagrams},
  author={Marsden, Daniel},
  journal={arXiv preprint arXiv:1401.7220},
  year={2014}
}

@article{nakahira2023diagrammatic,
  title={Diagrammatic category theory},
  author={Nakahira, Kenji},
  journal={arXiv preprint arXiv:2307.08891},
  year={2023}
}

@inproceedings{broadbent2022categorical,
  title={Categorical composable cryptography},
  author={Broadbent, Anne and Karvonen, Martti},
  booktitle={International Conference on Foundations of Software Science and Computation Structures},
  pages={161--183},
  year={2022},
  organization={Springer International Publishing Cham}
}

@misc{sterling2023models,
  author = {Sterling, Jon},
  title  = {Notes on models of type theory},
  year   = {2023},
  url    = {https://www.jonmsterling.com/jms-00DJ.xml}
}

@misc{sterling2023monads,
  author = {Sterling, Jon},
  title = {Notes on monads and algebras with successor},
  year = {2023},
  url = {https://www.jonmsterling.com/jms-00CB.xml}
}

@article{leinster2016basic,
  title={Basic category theory},
  author={Leinster, Tom},
  journal={arXiv preprint arXiv:1612.09375},
  year={2016},
  url={https://arxiv.org/abs/1612.09375}
}

@article{prahauser2022hegel,
  title={Hegel in Mathematics},
  author={Pr{\"a}hauser, Alexander},
  year={2022}
}

@article{villani2024topos,
  title={The Topos of Transformer Networks},
  author={Villani, Mattia Jacopo and McBurney, Peter},
  journal={arXiv preprint arXiv:2403.18415},
  year={2024},
  url={https://arxiv.org/abs/2403.18415}
}

@article{van2023yoneda,
  title={The Yoneda Lemma},
  author={van der Velden, Q and Kiezebrink, B and Grube, J and Price, W and Dawood, Rashiqa},
  year={2023}
}

@article{lobo2021categories,
  title={Categories in symbols},
  author={Lobo, Matheus Pereira},
  year={2021},
  publisher={OSF Preprints},
  url={https://osf.io/k9fbc/download}
}

@article{petrisan2023introduction,
  title={Introduction to Category Theory OPLSS 2023},
  author={Petrisan, Daniela},
  year={2023},
  url={https://www.cs.uoregon.edu/research/summerschool/summer23/_lectures/Introduction_to_Category_Theory_notes.pdf}
}

@incollection{freyd1976properties,
  title={Properties invariant within equivalence types of categories},
  author={Freyd, Peter},
  booktitle={Algebra, Topology, and Category Theory},
  pages={55--61},
  year={1976},
  publisher={Elsevier},
  url={http://angg.twu.net/Freyd76.html}
}

@article{fong2018seven,
  title={Seven sketches in compositionality: An invitation to applied category theory},
  author={Fong, Brendan and Spivak, David I},
  journal={arXiv preprint arXiv:1803.05316},
  year={2018},
  url={https://arxiv.org/abs/1803.05316}
}

@article{ochs2022missing,
  title={On the the missing diagrams in Category Theory (first-person version)},
  author={Ochs, Eduardo},
  journal={arXiv preprint arXiv:2204.10630},
  year={2022},
  url={https://arxiv.org/abs/2204.10630}
}

@book{riehl2017category,
  title={Category theory in context},
  author={Riehl, Emily},
  year={2017},
  publisher={Courier Dover Publications}
}

@article{smith2024introducing,
  title={Introducing Category Theory},
  author={Smith, Peter},
  year={2024}
}

@article{himmel2020diagram,
  title={Diagram chasing in interactive theorem proving},
  author={Himmel, Markus},
  journal={Bachelorarbeit. Karlsruher Institut f{\"u}r Technologie},
  year={2020}
}

@article{pitts2001categorical,
  title={Categorical logic},
  author={Pitts, Andrew M},
  journal={Handbook of logic in computer science},
  volume={5},
  pages={39--128},
  year={2001}
}

@article{spivak2013category,
  title={Category theory for scientists},
  author={Spivak, David I},
  journal={arXiv preprint arXiv:1302.6946},
  year={2013},
  publisher={Citeseer}
}

@misc{stacks2017stacks,
  shorthand =    {Stacks},
  author =       {The {Stacks Project Authors}},
  title =        {{Stacks Project}},
  url = {http://stacks.math.columbia.edu},
  year =         2017
}

@phdthesis{wieser2024formalizing,
  title={Formalizing Clifford algebras and related constructions in the Lean theorem prover},
  author={Wieser, Eric},
  year={2024}
}

@inproceedings{fantechi2001stacks,
  title={Stacks for everybody},
  author={Fantechi, Barbara},
  booktitle={European Congress of Mathematics: Barcelona, July 10--14, 2000, Volume I},
  pages={349--359},
  year={2001},
  organization={Springer}
}

@book{cox1997ideals,
  title={Ideals, varieties, and algorithms},
  author={Cox, David and Little, John and O'shea, Donal and Sweedler, Moss},
  volume={3},
  year={1997},
  publisher={Springer}
}

@article{vakil2024rising,
  title={The rising sea: Foundations of algebraic geometry},
  author={Vakil, Ravi},
  url={https://math.stanford.edu/~vakil/216blog/},
  year={2024}
}

@article{grothendieck1964elements,
  title={{\'E}l{\'e}ments de g{\'e}om{\'e}trie alg{\'e}brique},
  author={Grothendieck, Alexandre and Dieudonn{\'e}, Jean and Dieudonn{\'e}, Jean},
  year={1964},
  publisher={Institut des hautes {\'e}tudes scientifiques}
}

@article{borisov2024adventures,
  title={Adventures in algebraic geometry},
  author={Borisov, Lev},
  journal={arXiv preprint arXiv:2407.10041},
  year={2024}
}

@article{mehrle2015commutative,
  title={Notes on Commutative Algebra},
  author={Mehrle, David},
  year={2015}
}

@article{mehrle2017algebraic,
  title={Notes on Math 6670: Algebraic Geometry},
  author={Mehrle, David},
  year={2017}
}

@article{buzzard2022schemes,
  title={Schemes in lean},
  author={Buzzard, Kevin and Hughes, Chris and Lau, Kenny and Livingston, Amelia and Mir, Ramon Fern{\'a}ndez and Morrison, Scott},
  journal={Experimental Mathematics},
  volume={31},
  number={2},
  pages={355--363},
  year={2022},
  publisher={Taylor \& Francis}
}

@article{bordg2022simple,
  title={Simple type theory is not too simple: Grothendieck’s schemes without dependent types},
  author={Bordg, Anthony and Paulson, Lawrence and Li, Wenda},
  journal={Experimental Mathematics},
  volume={31},
  number={2},
  pages={364--382},
  year={2022},
  publisher={Taylor \& Francis}
}

@article{fantechi2006fundamental,
  title={Fundamental Algebraic Geometry: Grothendieck's FGA explained},
  author={Fantechi, B and G{\"o}ttsche, L and Illusie, L and Kleiman, S and Nitsure, N and Vistoli, Angelo and others},
  year={2006},
  publisher={American Mathematical Society}
}

@inproceedings{serre1956geometrie,
  title={G{\'e}om{\'e}trie alg{\'e}brique et g{\'e}om{\'e}trie analytique},
  author={Serre, Jean-Pierre},
  booktitle={Annales de l'institut Fourier},
  volume={6},
  pages={1--42},
  year={1956}
}

@article{serre1955faisceaux,
  title={Faisceaux alg{\'e}briques coh{\'e}rents},
  author={Serre, Jean-Pierre},
  journal={Annals of Mathematics},
  volume={61},
  number={2},
  pages={197--278},
  year={1955},
  publisher={JSTOR}
}

@article{khan2023lectures,
  title={Lectures on algebraic stacks},
  author={Khan, Adeel A},
  journal={arXiv preprint arXiv:2310.12456},
  year={2023}
}

@article{singh2009real,
  title={Real-time ray tracing of implicit surfaces on the GPU},
  author={Singh, Jag Mohan and Narayanan, PJ},
  journal={IEEE transactions on visualization and computer graphics},
  volume={16},
  number={2},
  pages={261--272},
  year={2009},
  publisher={IEEE}
}

@book{glassner1989introduction,
  title={An introduction to ray tracing},
  author={Glassner, Andrew S},
  year={1989},
  publisher={Morgan Kaufmann}
}

@book{pharr2023physically,
  title={Physically based rendering: From theory to implementation},
  author={Pharr, Matt and Jakob, Wenzel and Humphreys, Greg},
  year={2023},
  publisher={MIT Press}
}

@article{keeter2020massively,
  title={Massively parallel rendering of complex closed-form implicit surfaces},
  author={Keeter, Matthew J},
  journal={ACM Transactions on Graphics (TOG)},
  volume={39},
  number={4},
  pages={141--1},
  year={2020},
  publisher={ACM New York, NY, USA}
}

@misc{shirley2024ray1,
  title={Ray tracing in one weekend},
  author={Shirley, Peter},
  year={2024},
  url={https://raytracing.github.io/books/RayTracingInOneWeekend.html}
}

@misc{shirley2024ray2,
  title={Ray tracing: The next week},
  author={Shirley, Peter},
  year={2024},
  url={https://raytracing.github.io/books/RayTracingTheNextWeek.html}
}

@misc{shirley2024ray3,
  title={Ray tracing: The rest of your life},
  author={Shirley, Peter},
  year={2024},
  url={https://raytracing.github.io/books/RayTracingTheRestOfYourLife.html}
}

@misc{vivo2024book,
  title={The Book of Shaders},
  author={Vivo, Patricio Gonzalez and Lowe, Jen},
  year={2024},
  url={https://thebookofshaders.com/}
}

@book{kriz2021introduction,
  title={Introduction to algebraic geometry},
  author={Kriz, Igor and Kriz, Sophie},
  year={2021},
  publisher={Springer}
}

@book{mumford1976algebraic,
  title={Algebraic geometry I: complex projective varieties},
  author={Mumford, David},
  volume={221},
  year={1976},
  publisher={Springer}
}

@book{mumford1976algebraic2,
  title={Algebraic Geometry II (a penultimate draft)},
  author={Mumford, David and Oda, Tadao},
  year={1976},
  url={https://www.dam.brown.edu/people/mumford/alg_geom/papers/AGII.pdf}
}

@book{cutkosky2018introduction,
  title={Introduction to algebraic geometry},
  author={Cutkosky, Steven Dale},
  volume={188},
  year={2018},
  publisher={American Mathematical Soc.}
}

@book{smith2004invitation,
  title={An invitation to algebraic geometry},
  author={Smith, Karen and Kahanp{\"a}{\"a}, Lauri and Kek{\"a}l{\"a}inen, Pekka and Traves, William},
  year={2004},
  publisher={Springer Science \& Business Media}
}

@book{eisenbud2013commutative,
  title={Commutative algebra: with a view toward algebraic geometry},
  author={Eisenbud, David},
  volume={150},
  year={2013},
  publisher={Springer Science \& Business Media}
}

@article{gillespie2024ray,
  title={Ray Tracing Harmonic Functions},
  author={Gillespie, Mark and Yang, Denise and Botsch, Mario and Crane, Keenan},
  journal={ACM Trans. Graph},
  volume={43},
  number={4},
  year={2024}
}

@book{knapp2006basic,
  title={Basic algebra},
  author={Knapp, Anthony W},
  year={2006},
  publisher={Springer Science \& Business Media}
}

@book{knapp2007advanced,
  title={Advanced algebra},
  author={Knapp, Anthony W},
  year={2007},
  publisher={Springer Science \& Business Media}
}

@book{bosch2013algebraic,
  title={Algebraic geometry and commutative algebra},
  author={Bosch, Siegfried and others},
  year={2013},
  publisher={Springer}
}

@article{hartshorne1977graduate,
  title={Algebraic geometry},
  author={Hartshorne, Robin},
  journal={Graduate Texts in Mathematics},
  volume={52},
  year={1977},
  publisher={Springer}
}

@misc{gathmann2022algebraic,
  title={Algebraic geometry},
  author={Gathmann, Andreas},
  year={2022},
  url={https://agag-gathmann.math.rptu.de/class/alggeom-2021/alggeom-2021.pdf}
}

@article{gathmann2023plane,
  title={Plane algebraic curves},
  author={Gathmann, Andreas},
  year={2023},
  url={https://agag-gathmann.math.rptu.de/class/curves-2023/curves-2023.pdf}
}

@article{gathmann2013commutative,
  title={Commutative algebra},
  author={Gathmann, Andreas},
  year={2013},
  url={https://agag-gathmann.math.rptu.de/class/commalg-2013/commalg-2013.pdf}
}

@article{dolgachev2013introduction,
  title={Introduction to algebraic geometry},
  author={Dolgachev, I},
  journal={notes for a class taught at the University of Michigan, available at http://www. math. lsa. umich. edu/\~{} idolga/lecturenotes. html},
  year={2013}
}

@book{michalek2021invitation,
  title={Invitation to nonlinear algebra},
  author={Micha{\l}ek, Mateusz and Sturmfels, Bernd},
  volume={211},
  year={2021},
  publisher={American Mathematical Soc.}
}

@article{fritz2024differential,
  title={Differential geometry and general relativity with algebraifolds},
  author={Fritz, Tobias},
  journal={arXiv preprint arXiv:2403.06548},
  year={2024}
}

@book{grassmann2000extension,
  title={Extension theory},
  author={Grassmann, Hermann and Kannenberg, Lloyd C},
  volume={19},
  year={2000},
  publisher={American Mathematical Society Providence, RI, USA}
}

@misc{browne2012grassmann,
  title={Grassmann algebra-Volume 1: foundations},
  author={Browne, John},
  year={2012},
  publisher={Barnard Publishing Eltham}
}

@misc{loret2024universe,
      title={The universe is not a Lie, but actually an Hopf, algebra}, 
      author={Niccoló Loret},
      year={2024},
      eprint={2408.16970},
      archivePrefix={arXivs},
      primaryClass={gr-qc},
      url={https://arxiv.org/abs/2408.16970}, 
}