# A few hints:
#
# To normalize:
# # bibtool --preserve.key.case=on --preserve.keys=on --pass.comments=on --print.use.tab=off -s -i content/posts/math-2024/bib.bib -o content/posts/math-2024/bib.bib -- 'new.entry.type {thesis}' -- 'new.entry.type {online}'
# To convert to JSON:
# pandoc content/posts/math-2024/bib.bib -t csljson -o content/posts/math-2024/bib.json
# To preview during authoring:
# hugo serve -w --forceSyncStatic

@article{petersen2008matrix,
  title={The matrix cookbook},
  author={Petersen, Kaare Brandt and Pedersen, Michael Syskind and others},
  journal={Technical University of Denmark},
  volume={7},
  number={15},
  pages={510},
  year={2008},
  url           = {https://www.math.uwaterloo.ca/~hwolkowi/matrixcookbook.pdf}
}

@inproceedings{de2019geometric,
  title={Geometric algebra levenberg-marquardt},
  author={De Keninck, Steven and Dorst, Leo},
  booktitle={Advances in Computer Graphics: 36th Computer Graphics International Conference, CGI 2019, Calgary, AB, Canada, June 17--20, 2019, Proceedings 36},
  pages={511--522},
  year={2019},
  organization={Springer}
}

@article{fernandes2022clifford,
  title={Clifford Algebraic Approach to the De Donder--Weyl Hamiltonian Theory},
  author={Fernandes, Marco Cezar Barbosa},
  journal={Advances in Applied Clifford Algebras},
  volume={32},
  number={2},
  pages={23},
  year={2022},
  publisher={Springer},
  url           = {https://arxiv.org/pdf/2112.08483}

}

@book{manturov2018knot,
  title={Knot theory},
  author={Manturov, Vassily Olegovich},
  year={2018},
  publisher={CRC press}
}

@book{hull2020origametry,
  title={Origametry: mathematical methods in paper folding},
  author={Hull, Thomas C},
  year={2020},
  publisher={Cambridge University Press}
}

@book{izhikevich2007dynamical,
  title={Dynamical systems in neuroscience},
  author={Izhikevich, Eugene M},
  year={2007},
  publisher={MIT press},
  url           = {https://www.izhikevich.org/publications/dsn/}
}

@book{james2001representations,
  title={Representations and characters of groups},
  author={James, Gordon Douglas and Liebeck, Martin W},
  year={2001},
  publisher={Cambridge university press}
}

@book{lux2010representations,
  title={Representations of groups: a computational approach},
  author={Lux, Klaus and Pahlings, Herbert},
  volume={124},
  year={2010},
  publisher={Cambridge University Press}
}

@book{francis1987topological,
  title={A topological picturebook},
  author={Francis, George K and Francis, GK},
  volume={2},
  year={1987},
  publisher={Springer}
}

@article{wilson2024discrete,
  title={A discrete model for Gell-Mann matrices},
  author={Wilson, Robert A},
  journal={arXiv preprint arXiv:2401.13000},
  year={2024},
  url           = {https://arxiv.org/pdf/2401.13000}
}

@Article{         chisolm2012geometric,
  title         = {Geometric Algebra},
  author        = {Chisolm, Eric},
  year          = {2012},
  journaltitle  = {arXiv preprint arXiv:1205.5935},
  url           = {http://arxiv.org/abs/1205.5935}
}

@Article{         ruhe2023clifford,
  title         = {Clifford group equivariant neural networks},
  author        = {Ruhe, David and Brandstetter, Johannes and Forr{\'e},
                  Patrick},
  journal       = {arXiv preprint arXiv:2305.11141},
  year          = {2023}
}

@Article{         brehmer2023geometric,
  title         = {Geometric Algebra Transformers},
  author        = {Brehmer, Johann and De Haan, Pim and Behrends, S{\"o}nke
                  and Cohen, Taco},
  journal       = {arXiv preprint arXiv:2305.18415},
  year          = {2023}
}

@Article{         roelfs2023graded,
  title         = {Graded symmetry groups: plane and simple},
  author        = {Roelfs, Martin and De Keninck, Steven},
  journal       = {Advances in Applied Clifford Algebras},
  volume        = {33},
  number        = {3},
  pages         = {30},
  year          = {2023},
  publisher     = {Springer}
}

@book{woit2017quantum,
  title={Quantum theory, groups and representations},
  author={Woit, Peter and Woit and Bartolini},
  volume={5},
  year={2017},
  publisher={Springer}
}

@article{ewing2022zeon,
  title={Zeon and Idem-Clifford Formulations of Hypergraph Problems},
  author={Ewing, Samuel and Staples, G Stacey},
  journal={Advances in Applied Clifford Algebras},
  volume={32},
  number={5},
  pages={61},
  year={2022},
  publisher={Springer},
  url={https://arxiv.org/pdf/2201.05895.pdf}
}

# https://empg.maths.ed.ac.uk/Activities/Spin/
@article{figueroa2010spin,
  title={Spin geometry},
  author={Figueroa-O’Farrill, Jos{\'e}},
  journal={Lecture Notes. University of Edinburgh},
  year={2010},
  url={http://mat.uab.cat/~rubio/csa2017/SpinNotes.pdf}
}

@article{baez2002octonions,
  title={The octonions},
  author={Baez, John},
  journal={Bulletin of the american mathematical society},
  volume={39},
  number={2},
  pages={145--205},
  year={2002},
  url={https://arxiv.org/pdf/math/0105155.pdf}
}

@article{depies2024octonions,
  title={Octonions as Clifford-like algebras},
  author={Depies, Connor M and Smith, Jonathan DH and Ashburn, Mitchell D},
  journal={Journal of Algebra},
  volume={644},
  pages={761--795},
  year={2024},
  publisher={Elsevier},
  url={https://arxiv.org/pdf/2310.09972}
}

@article{lasenby2024some,
  title={Some recent results for su (3) and octonions within the geometric algebra approach to the fundamental forces of nature},
  author={Lasenby, Anthony},
  journal={Mathematical Methods in the Applied Sciences},
  volume={47},
  number={3},
  pages={1471--1491},
  year={2024},
  publisher={Wiley Online Library},
  url={https://arxiv.org/pdf/2202.06733}
}

@article{suarez2019expository,
  title={Expository paper on Clifford algebras, representations, and the octonion algebra},
  author={Suarez, Ricardo},
  journal={arXiv preprint arXiv:1906.11460},
  year={2019},
  url={https://arxiv.org/pdf/1906.11460}
}

@article{reynoso2023probing,
  title={Probing Clifford Algebras Through Spin Groups: A Standard Model Perspective},
  author={Reynoso, Armando},
  journal={arXiv preprint arXiv:2312.10071},
  year={2023},
  url={https://arxiv.org/pdf/2312.10071}
}

@article{cheng2019new,
  title={A New View of Generalized Clifford Algebras},
  author={Cheng, Tao and Li, Huilan and Yang, Yuping},
  journal={Advances in Applied Clifford Algebras},
  volume={29},
  pages={1--11},
  year={2019},
  publisher={Springer}
}

@article{albuquerque2002clifford,
  title={Clifford algebras obtained by twisting of group algebras},
  author={Albuquerque, Helena and Majid, Shahn},
  journal={Journal of Pure and Applied Algebra},
  volume={171},
  number={2-3},
  pages={133--148},
  year={2002},
  publisher={Elsevier},
  url={https://arxiv.org/pdf/math/0011040}
}

@article{conlon1964twisted,
  title={Twisted group algebras and their representations},
  author={Conlon, Samuel B},
  journal={Journal of the Australian Mathematical Society},
  volume={4},
  number={2},
  pages={152--173},
  year={1964},
  publisher={Cambridge University Press}
}

@article{edwards1969twisted,
  title={Twisted group algebras I},
  author={Edwards, Christopher M and Lewis, John T},
  journal={Communications in Mathematical Physics},
  volume={13},
  pages={119--130},
  year={1969},
  publisher={Springer}
}

@article{edwards1969twisted2,
  title={Twisted group algebras II},
  author={Edwards, CM and Lewis, JT},
  journal={Communications in Mathematical Physics},
  volume={13},
  pages={131--141},
  year={1969},
  publisher={Springer}
}

@book{sims1994computation,
  title={Computation with finitely presented groups},
  author={Sims, Charles C},
  number={48},
  year={1994},
  publisher={Cambridge University Press}
}

@book{yizengaw2015clifford,
  title={On Clifford A-algebras and a framework for localization of A-modules},
  author={Yizengaw, Belayneh Yibeltal},
  year={2015},
  publisher={University of Pretoria (South Africa)},
}

@book{kashiwara2006categories,
author = {Kashiwara, Masaki and Schapira, Pierre},
year = {2006},
month = {01},
pages = {},
title = {Categories and Sheaves},
volume = {332},
isbn = {978-3-540-27949-5},
doi = {10.1007/3-540-27950-4}
}

@misc{schapira2023introduction,
  title={An Introduction to Categories and Sheaves},
  author={Schapira, Pierre},
  year={2023},
  url={https://webusers.imj-prg.fr/~pierre.schapira/LectNotes/CatShv.pdf}
}

@book{mallios2015differential,
  title={Differential sheaves and connections: a natural approach to physical geometry},
  author={Mallios, Anastasios and Zafiris, Elias},
  volume={18},
  year={2015},
  publisher={World Scientific}
}

@phdthesis{gebhart2023sheaf,
  title={Sheaf Representation Learning},
  author={Gebhart, Thomas},
  year={2023},
  school={University of Minnesota}
}

@article{chrisman2023geometric,
  title={A geometric foundation of virtual knot theory},
  author={Chrisman, Micah},
  journal={arXiv preprint arXiv:2301.10318},
  year={2023}
}

@article{achourioti2011formalization,
  title={A formalization of Kant’s transcendental logic},
  author={Achourioti, Theodora and Van Lambalgen, Michiel},
  journal={The Review of Symbolic Logic},
  volume={4},
  number={2},
  pages={254--289},
  year={2011},
  publisher={Cambridge University Press}
}

@article{ferrando2024primer,
  title={A primer on the inner workings of transformer-based language models},
  author={Ferrando, Javier and Sarti, Gabriele and Bisazza, Arianna and Costa-juss{\`a}, Marta R},
  journal={arXiv preprint arXiv:2405.00208},
  year={2024}
}

@article{spinner2024lorentz,
  title={Lorentz-Equivariant Geometric Algebra Transformers for High-Energy Physics},
  author={Spinner, Jonas and Bres{\'o}, Victor and de Haan, Pim and Plehn, Tilman and Thaler, Jesse and Brehmer, Johann},
  journal={arXiv preprint arXiv:2405.14806},
  year={2024}
}

@article{yeasin2011initial,
  title={Initial Algebra, Final Coalgebra and Datatype},
  author={Yeasin, Masuka},
  year={2011}
}

@article{zhang2021type,
  title={Type theories in category theory},
  author={Zhang, Tesla},
  journal={arXiv preprint arXiv:2107.13242},
  year={2021}
}

@article{gundry2013tutorial,
  title={A tutorial implementation of dynamic pattern unification},
  author={Gundry, Adam and McBride, Conor},
  journal={Unpublished draft},
  pages={194},
  year={2013}
}

@article{peng2024eagle,
  title={Eagle and Finch: RWKV with matrix-valued states and dynamic recurrence},
  author={Peng, Bo and Goldstein, Daniel and Anthony, Quentin and Albalak, Alon and Alcaide, Eric and Biderman, Stella and Cheah, Eugene and Ferdinan, Teddy and Hou, Haowen and Kazienko, Przemys{\l}aw and others},
  journal={arXiv preprint arXiv:2404.05892},
  year={2024}
}

@article{krakauer2020information,
  title={The information theory of individuality},
  author={Krakauer, David and Bertschinger, Nils and Olbrich, Eckehard and Flack, Jessica C and Ay, Nihat},
  journal={Theory in Biosciences},
  volume={139},
  pages={209--223},
  year={2020},
  publisher={Springer}
}

@article{albantakis2023integrated,
  title={Integrated information theory (IIT) 4.0: formulating the properties of phenomenal existence in physical terms},
  author={Albantakis, Larissa and Barbosa, Leonardo and Findlay, Graham and Grasso, Matteo and Haun, Andrew M and Marshall, William and Mayner, William GP and Zaeemzadeh, Alireza and Boly, Melanie and Juel, Bj{\o}rn E and others},
  journal={PLoS Computational Biology},
  volume={19},
  number={10},
  pages={e1011465},
  year={2023},
  publisher={Public Library of Science San Francisco, CA USA}
}

@article{taylor2024introduction,
  title={An introduction to graphical tensor notation for mechanistic interpretability},
  author={Taylor, Jordan K},
  journal={arXiv preprint arXiv:2402.01790},
  year={2024}
}

@misc{randy2023matrix,
  author = {S, Randy},
  title  = {Matrix Representations of Clifford Algebras},
  year   = {2023},
  url    = {https://www.cphysics.org/article/86175.pdf}
}

@article{berzins2024geometry,
  title={Geometry-Informed Neural Networks},
  author={Berzins, Arturs and Radler, Andreas and Sanokowski, Sebastian and Hochreiter, Sepp and Brandstetter, Johannes},
  journal={arXiv preprint arXiv:2402.14009},
  year={2024}
}

@article{raissi2019physics,
  title={Physics-informed neural networks: A deep learning framework for solving forward and inverse problems involving nonlinear partial differential equations},
  author={Raissi, Maziar and Perdikaris, Paris and Karniadakis, George E},
  journal={Journal of Computational physics},
  volume={378},
  pages={686--707},
  year={2019},
  publisher={Elsevier}
}

@article{sen2024string,
  title={String Field Theory: A Review},
  author={Sen, Ashoke and Zwiebach, Barton},
  journal={arXiv preprint arXiv:2405.19421},
  year={2024}
}

@inproceedings{bao2023all,
  title={All are worth words: A ViT backbone for diffusion models},
  author={Bao, Fan and Nie, Shen and Xue, Kaiwen and Cao, Yue and Li, Chongxuan and Su, Hang and Zhu, Jun},
  booktitle={Proceedings of the IEEE/CVF Conference on Computer Vision and Pattern Recognition},
  pages={22669--22679},
  year={2023}
}

@article{mikula2023magnushammer,
  title={Magnushammer: A transformer-based approach to premise selection},
  author={Miku{\l}a, Maciej and Antoniak, Szymon and Tworkowski, Szymon and Jiang, Albert Qiaochu and Zhou, Jin Peng and Szegedy, Christian and Kuci{\'n}ski, {\L}ukasz and Mi{\l}o{\'s}, Piotr and Wu, Yuhuai},
  journal={arXiv preprint arXiv:2303.04488},
  year={2023}
}

@book{kock2006synthetic,
  title={Synthetic differential geometry},
  author={Kock, Anders},
  volume={333},
  year={2006},
  publisher={Cambridge University Press},
  url={https://users-math.au.dk/kock/sdg99.pdf}
}

@article{schellingerhout2023circles,
  title={Circles in Synthetic Differential Geometry},
  author={Schellingerhout, Rob and Portegies, JW},
  year={2023},
  url={https://pure.tue.nl/ws/portalfiles/portal/308028780/Thesis_BTW_Rob_Schellingerhout_Report_002_.pdf}
}

@article{kostecki2011introduction,
  title={An Introduction to Topos Theory},
  author={Kostecki, Ryszard Pawe{\l}},
  journal={Technial Report},
  year={2011},
  url={https://www.fuw.edu.pl/~kostecki/ittt.pdf}
}

@misc{kostecki2009differential,
  title={Differential Geometry in Toposes},
  author={Kostecki, Ryszard Pawe{\l}},
  year={2009},
  publisher={Citeseer},
  url={https://www.fuw.edu.pl/~kostecki/sdg.pdf}
}

@book{rosiak2022sheaf,
  title={Sheaf theory through examples},
  author={Rosiak, Daniel},
  year={2022},
  publisher={MIT Press}
}
