# A few hints:
#
# To normalize:
# # bibtool --preserve.key.case=on --preserve.keys=on --pass.comments=on --print.use.tab=off -s -i content/posts/zeon-algebra/bib.bib -o content/posts/zeon-algebra/bib.bib -- 'new.entry.type {thesis}' -- 'new.entry.type {online}'
# To convert to JSON:
# pandoc content/posts/zeon-algebra/bib.bib -t csljson -o content/posts/zeon-algebra/bib.json
# To preview during authoring:
# hugo serve -w --forceSyncStatic

# Most from https://worldscientific.com/doi/suppl/10.1142/11340/suppl_file/11340_intro.pdf and https://worldscientific.com/doi/epdf/10.1142/9789811202582_bmatter

@book{staples2020clifford,
  title={Clifford Algebras and Zeons: Geometry to Combinatorics and Beyond},
  author={Staples, George Stacey},
  year={2020},
  publisher={World Scientific}
}

@article{ewing2022zeon,
  title={Zeon and Idem-Clifford Formulations of Hypergraph Problems},
  author={Ewing, Samuel and Staples, G Stacey},
  journal={Advances in Applied Clifford Algebras},
  volume={32},
  number={5},
  pages={61},
  year={2022},
  publisher={Springer},
  url={https://arxiv.org/pdf/2201.05895.pdf}
}

@book{sengupta2011representing,
  title={Representing finite groups: a semisimple introduction},
  author={Sengupta, Ambar N},
  year={2011},
  publisher={Springer Science \& Business Media}
}

@book{serre1977linear,
  title={Linear representations of finite groups},
  author={Serre, Jean-Pierre and others},
  volume={42},
  year={1977},
  publisher={Springer}
}

@article{clifford1961algebraic,
  title={The algebraic theory of semigroups, vol. 1},
  author={Clifford, Alfred H and Preston, Gordon B},
  journal={Mathematical surveys},
  volume={7},
  year={1961},
  publisher={Amer. Math. Soc Providence, RI}
}

@article{rhodes1991elementary,
  title={Elementary representation and character theory of finite semigroups and its application},
  author={Rhodes, John and Zalcstein, Yechezkel},
  journal={Monoids and semigroups with applications (Berkeley, CA, 1989)},
  pages={334--367},
  year={1991}
}

@book{cohen1978basic,
  title={Basic techniques of combinatorial theory},
  author={Cohen, Daniel IA},
  year={1978}
}

@book{tucker1994applied,
  title={Applied combinatorics},
  author={Tucker, Alan},
  year={1994},
  publisher={John Wiley \& Sons, Inc.}
}

@book{west2001introduction,
  title={Introduction to graph theory},
  author={West, Douglas Brent and others},
  volume={2},
  year={2001},
  publisher={Prentice hall Upper Saddle River}
}

@book{wilson1979introduction,
  title={Introduction to graph theory},
  author={Wilson, Robin J},
  year={1979},
  publisher={Pearson Education India}
}

@book{ablamowicz2004lectures,
  title={Lectures on Clifford (geometric) algebras and applications},
  author={Ablamowicz, Rafal and Sobczyk, Garret and others},
  year={2004},
  publisher={Springer}
}

% https://web.archive.org/web/20201205215239/http://web4.uwindsor.ca/users/b/baylis/main.nsf
@book{bayliss2019geometric,
  title={Geometric Algebra Workbook},
  author={Bayliss, William},
  year={2019},
  url={http://web4.uwindsor.ca/users/b/baylis/main.nsf}
}

@Book{            lounesto2001clifford,
  ids           = {lounestoCliffordAlgebrasSpinors2001a},
  title         = {Clifford Algebras and Spinors},
  author        = {Lounesto, Pertti},
  year          = {2001},
  volume        = {286},
  publisher     = {{Cambridge university press}}
}

@book{porteous1995clifford,
  title={Clifford algebras and the classical groups},
  author={Porteous, Ian R},
  number={50},
  year={1995},
  publisher={Cambridge University Press}
}

@article{aragon2009reflections,
  title={Reflections, rotations, and pythagorean numbers},
  author={Arag{\'o}n-Gonz{\'a}lez, G and Arag{\'o}n, JL and Rodriguez-Andrade, Marco Antonio and Verde-Star, L},
  journal={Advances in Applied Clifford Algebras},
  volume={19},
  pages={1--14},
  year={2009},
  publisher={Springer}
}

@article{schott2008random,
  title={Random Walks on Clifford Algebras as Directed Hypercubes},
  author={Schott, Ren{\'e} and Staples, Stacey},
  journal={Markov Processes and Related Fields},
  volume={14},
  pages={515--542},
  year={2008}
}

@article{schott2011nilpotent,
  title={Nilpotent adjacency matrices and random graphs},
  author={Schott, Ren{\'e} and Staples, George Stacey},
  journal={Ars Combinatoria},
  number={98},
  pages={225--239},
  year={2011}
}

@article{staples2005clifford,
  title={Clifford-algebraic random walks on the hypercube},
  author={Staples, G Stacey},
  journal={Advances in Applied Clifford Algebras},
  volume={15},
  pages={213--232},
  year={2005},
  publisher={Springer}
}

@article{staples2008new,
  title={A new adjacency matrix for finite graphs},
  author={Staples, George Stacey},
  journal={Advances in Applied Clifford Algebras},
  volume={18},
  number={3-4},
  pages={979--991},
  year={2008},
  publisher={Springer}
}

@article{cassiday2015representations,
  title={On Representations of Semigroups Having Hypercube-like Cayley Graphs},
  author={Cassiday, Cody and Staples, G Stacey},
  year={2015}
}

@article{feinsilver2007zeon,
  title={Zeon algebra, Fock space, and Markov chains},
  author={Feinsilver, Philip},
  journal={arXiv preprint arXiv:0711.1680},
  year={2007}
}

@article{davis2019zeon,
  title={Zeon and idem-Clifford formulations of Boolean satisfiability},
  author={Davis, Amanda and Staples, G Stacey},
  journal={Advances in Applied Clifford Algebras},
  volume={29},
  number={4},
  pages={60},
  year={2019},
  publisher={Springer}
}

@book{schott2012operator,
  title={Operator calculus on graphs: theory and applications in computer science},
  author={Schott, Ren{\'e} and Staples, G Stacey},
  year={2012},
  publisher={World Scientific}
}

@article{staples2019differential,
  title={Differential calculus of zeon functions},
  author={Staples, G Stacey},
  journal={Advances in Applied Clifford Algebras},
  volume={29},
  number={2},
  pages={25},
  year={2019},
  publisher={Springer}
}

@article{schott2017generalized,
  title={Generalized zeon algebras: theory and application to multi-constrained path problems},
  author={Schott, Ren{\'e} and Staples, G Stacey},
  journal={Advances in Applied Clifford Algebras},
  volume={27},
  pages={45--57},
  year={2017},
  publisher={Springer}
}

@article{staples2017zeons,
  title={Zeons, orthozeons, and graph colorings},
  author={Staples, G Stacey and Stellhorn, Tiffany},
  journal={Advances in Applied Clifford Algebras},
  volume={27},
  pages={1825--1845},
  year={2017},
  publisher={Springer}
}

@article{staples2015kravchuk,
  title={Kravchuk polynomials and induced/reduced operators on Clifford algebras},
  author={Staples, G Stacey},
  journal={Complex Analysis and Operator Theory},
  volume={9},
  pages={445--478},
  year={2015},
  publisher={Springer}
}

@article{staples2017hamiltonian,
  title={Hamiltonian cycle enumeration via fermion-zeon convolution},
  author={Staples, G Stacey},
  journal={International Journal of Theoretical Physics},
  volume={56},
  number={12},
  pages={3923--3934},
  year={2017},
  publisher={Springer}
}