
# To normalize:
# bibtool --preserve.key.case=on --preserve.keys=on --pass.comments=on --print.use.tab=off -s -i trees/refs/forest.bib -o trees/refs/forest.bib -- 'new.entry.type {thesis}' -- 'new.entry.type {online}'

# https://www.zbmath.org/ and https://mathscinet.ams.org/mathscinet
# (or the free tool https://mathscinet.ams.org/mrlookup)
# are good sources of complete bibtex entries for mathematics

# To link to an entry in `references.bib` in Mathlib, use the following formats:
#   [Author, *Title* (optional location)][bibkey]
#
# The above is adapted from https://github.com/leanprover-community/mathlib4/blob/master/docs/references.bib

@article{ablamowicz2016clifford,
  title={On Clifford algebras and related finite groups and group algebras},
  author={Ablamowicz, Rafal},
  journal={arXiv preprint arXiv:1610.03583},
  year={2016}
}

@article{atiyah1964clifford,
  title={Clifford modules},
  author={Atiyah, Michael F and Bott, Raoul and Shapiro, Arnold},
  journal={Topology},
  volume={3},
  pages={3--38},
  year={1964},
  publisher={Pergamon}
}

@misc{bar2011spin,
  author={B{\"a}r, Christian},
  title  = {Lecture notes in Spin Geometry},
  year   = {2018},
  url    = {https://www.math.uni-potsdam.de/en/professuren/geometry/teaching/lecture-notes}
}

@article{bulacu2011clifford,
  title={A Clifford algebra is a weak Hopf algebra in a suitable symmetric monoidal category},
  author={Bulacu, Daniel},
  journal={Journal of Algebra},
  volume={332},
  number={1},
  pages={244--284},
  year={2011},
  publisher={Elsevier}
}

@article{dereli2010degenerate,
  title={Degenerate spin groups as semi-direct products},
  author={Dereli, Tekin and Ko{\c{c}}ak, {\c{S}}ahin and Limoncu, Murat},
  journal={Advances in applied Clifford algebras},
  volume={20},
  number={3},
  pages={565--573},
  year={2010},
  publisher={Springer}
}

@article{dutailly2018clifford,
  title={CLIFFORD ALGEBRAS-NEW RESULTS},
  author={Dutailly, Jean Claude},
  year={2018}
}

@article{fauser2002treatise,
  title={A treatise on quantum Clifford algebras},
  author={Fauser, Bertfried},
  journal={arXiv preprint math/0202059},
  year={2002}
}

@article{fauser2004grade,
  title={Grade free product formulae from Gra{\ss}mann-Hopf gebras},
  author={Fauser, Bertfried},
  journal={Clifford Algebras: Applications to Mathematics, Physics, and Engineering},
  pages={279--301},
  year={2004},
  publisher={Springer},
  url={https://arxiv.org/abs/math-ph/0208018}
}

@article{filimoshina2023some,
  title={On some Lie groups in degenerate Clifford geometric algebras},
  author={Filimoshina, Ekaterina and Shirokov, Dmitry},
  journal={Advances in Applied Clifford Algebras},
  volume={33},
  number={4},
  pages={44},
  year={2023},
  publisher={Springer}
}

@book{fulton2013representation,
  title={Representation theory: a first course},
  author={Fulton, William and Harris, Joe},
  volume={129},
  year={2013},
  publisher={Springer Science \& Business Media}
}

@article{gallier2014clifford,
  title={Clifford algebras, clifford groups, and a generalization of the quaternions},
  author={Gallier, Jean},
  journal={arXiv preprint arXiv:0805.0311},
  year={2014}
}

@article{hahn2004clifford,
  title={The Clifford Algebra in the Theory of Algebras, Quadratic Forms, and Classical Groups},
  author={Hahn, Alexander J},
  journal={Clifford Algebras: Applications to Mathematics, Physics, and Engineering},
  pages={305--322},
  year={2004},
  publisher={Springer}
}

@article{hitzer2012introduction,
  title={Introduction to Clifford's geometric algebra},
  author={Hitzer, Eckhard},
  journal={Journal of the Society of Instrument and Control Engineers},
  volume={51},
  number={4},
  pages={338--350},
  year={2012},
  publisher={The Society of Instrument and Control Engineers}
}

@misc{joot2016exploring2,
  title={Exploring physics with Geometric Algebra, book II},
  author={Joot, Peeter},
  year={2016},
  url={https://peeterjoot.com/archives/math2015/gabookII.pdf}
}

@book{li2008invariant,
  title={Invariant algebras and geometric reasoning},
  author={Li, Hongbo},
  year={2008},
  publisher={World Scientific}
}

@misc{liu2016lie,
  author = {Liu, Henry},
  title  = {Notes for Lie Groups and Representations},
  year   = {2016},
  url    = {https://member.ipmu.jp/henry.liu/notes/f16-lie-groups.pdf}
}

@misc{meinrenken2009lie,
  author = {Meinrenken, Eckhard},
  title  = {Lecture notes in MAT 1120HF Lie groups and Clifford algebras},
  year   = {2009},
  url    = {https://www.math.utoronto.ca/mein/teaching/LieClifford/clifford.html}
}

@book{meinrenken2013clifford,
  title={Clifford algebras and Lie theory},
  author={Meinrenken, Eckhard},
  volume={58},
  year={2013},
  publisher={Springer}
}

@book{perwass2009geometric,
  title={Geometric algebra with applications in engineering},
  author={Perwass, Christian and Edelsbrunner, Herbert and Kobbelt, Leif and Polthier, Konrad},
  volume={4},
  year={2009},
  publisher={Springer}
}

@misc{randy2023matrix,
  author = {S, Randy},
  title  = {Matrix Representations of Clifford Algebras},
  year   = {2023},
  url    = {https://www.cphysics.org/article/86175.pdf}
}

@misc{renaud2020clifford,
  title={Clifford algebras lecture notes on applications in physics},
  author={Renaud, Pierre},
  year={2020},
}

@article{rodriguez1996clifford,
  title={On Clifford representation of Hopf algebras and fierz identities},
  author={Rodr{\'\i}guez-Romo, Suemi},
  journal={Foundations of Physics},
  volume={26},
  number={11},
  pages={1457--1468},
  year={1996},
  publisher={Springer}
}

@book{rosen2019geometric,
  title={Geometric multivector analysis},
  author={Ros{\'e}n, Andreas},
  year={2019},
  publisher={Springer}
}

@article{ruhe2024clifford,
  title={Clifford group equivariant neural networks},
  author={Ruhe, David and Brandstetter, Johannes and Forr{\'e}, Patrick},
  journal={Advances in Neural Information Processing Systems},
  volume={36},
  year={2024}
}

@book{sommer2013geometric,
  title={Geometric computing with Clifford algebras: theoretical foundations and applications in computer vision and robotics},
  author={Sommer, Gerald},
  year={2013},
  publisher={Springer Science \& Business Media}
}

@article{trindade2019clifford,
  title={Clifford algebras, multipartite systems and gauge theory gravity},
  author={Trindade, Marco AS and Pinto, Eric and Floquet, Sergio},
  journal={Advances in Applied Clifford Algebras},
  volume={29},
  pages={1--17},
  year={2019},
  publisher={Springer}
}

@misc{weber2013lie,
  author = {Weber, Brian},
  title  = {Lecture notes in MATH 651: Lie Algebras},
  year   = {2013},
  url    = {https://www2.math.upenn.edu/~brweber/Courses/2013/Math651/Math651.html}
}

@misc{wieser2024blueprint,
  author = {Wieser, Eric and Song, Utensil},
  title  = {The Blueprint For Formalizing Geometric Algebra in Lean},
  year   = {2024},
  url    = {https://utensil.github.io/lean-ga/blueprint/}
}

@misc{woit2012lie,
  author={Woit, Peter},
  title  = {Lecture notes in Lie Groups and Representations: Mathematics G4344},
  year   = {2012},
  url    = {https://www.math.columbia.edu/~woit/LieGroups-2012/}
}

@article{marsden2014category,
  title={Category theory using string diagrams},
  author={Marsden, Daniel},
  journal={arXiv preprint arXiv:1401.7220},
  year={2014}
}

@article{nakahira2023diagrammatic,
  title={Diagrammatic category theory},
  author={Nakahira, Kenji},
  journal={arXiv preprint arXiv:2307.08891},
  year={2023}
}

@inproceedings{broadbent2022categorical,
  title={Categorical composable cryptography},
  author={Broadbent, Anne and Karvonen, Martti},
  booktitle={International Conference on Foundations of Software Science and Computation Structures},
  pages={161--183},
  year={2022},
  organization={Springer International Publishing Cham}
}

@misc{sterling2023models,
  author = {Sterling, Jon},
  title  = {Notes on models of type theory},
  year   = {2023},
  url    = {https://www.jonmsterling.com/jms-00DJ.xml}
}

@misc{sterling2023monads,
  author = {Sterling, Jon},
  title = {Notes on monads and algebras with successor},
  year = {2023},
  url = {https://www.jonmsterling.com/jms-00CB.xml}
}