
# To normalize:
# bibtool --preserve.key.case=on --preserve.keys=on --pass.comments=on --print.use.tab=off -s -i blueprint/src/references.bib -o blueprint/src/references.bib -- 'new.entry.type {thesis}' -- 'new.entry.type {online}'

# https://www.zbmath.org/ and https://mathscinet.ams.org/mathscinet
# (or the free tool https://mathscinet.ams.org/mrlookup)
# are good sources of complete bibtex entries for mathematics

# To link to an entry in `references.bib` in Mathlib, use the following formats:
#   [Author, *Title* (optional location)][bibkey]
#
# The above is adapted from https://github.com/leanprover-community/mathlib4/blob/master/docs/references.bib
@Article{         ablamowicz2016structure,
  title         = {On the structure theorem of Clifford algebras},
  author        = {Ablamowicz, Rafal},
  journal       = {arXiv preprint arXiv:1610.02418},
  year          = {2016}
}

@Book{            bourbaki2007algebra,
  author        = {Bourbaki, Nicolas},
  title         = {{\'E}l{\'e}ments de math{\'e}matique. {Alg{\`e}bre}.
                  {Chapitre} 9},
  edition       = {Reprint of the 1959 original},
  isbn          = {3-540-35338-0},
  year          = {2007},
  publisher     = {Berlin: Springer},
  language      = {French}
}

@Article{         brehmer2023geometric,
  title         = {Geometric Algebra Transformers},
  author        = {Brehmer, Johann and De Haan, Pim and Behrends, S{\"o}nke
                  and Cohen, Taco},
  journal       = {arXiv preprint arXiv:2305.18415},
  year          = {2023}
}

@Book{            bromborsky2014introduction,
  title         = {An Introduction to Geometric Algebra and Calculus},
  author        = {Bromborsky, Alan},
  date          = {2014}
}

@Article{         carneiro2019type,
  title         = {The type theory of Lean},
  author        = {Carneiro, Mario},
  journal       = {preparation
                  (https://github.com/digama0/lean-type-theory/releases)},
  year          = {2019}
}

@Misc{            chen2016infinitely,
  title         = {An infinitely large napkin},
  author        = {Chen, Evan},
  year          = {2016},
  publisher     = {Cambridge, Massachusetts: Massachusetts Institute of
                  Technology}
}

@Article{         chisolm2012geometric,
  title         = {Geometric Algebra},
  author        = {Chisolm, Eric},
  year          = {2012},
  journaltitle  = {arXiv preprint arXiv:1205.5935},
  url           = {http://arxiv.org/abs/1205.5935}
}

@Book{            doran2003geometric,
  title         = {Geometric Algebra for Physicists},
  author        = {Doran, Chris and Lasenby, Anthony and Lasenby, Joan},
  date          = {2003},
  publisher     = {{Cambridge University Press}},
  url           = {http://geometry.mrao.cam.ac.uk/2007/01/geometric-algebra-for-physicists/}
}

@PhDThesis{          doran1994geometric,
  title         = {Geometric Algebra and Its Application to Mathematical
                  Physics},
  author        = {Doran, Christopher John Leslie},
  date          = {1994},
  institution   = {{University of Cambridge}},
  type          = {PhD Thesis}
}

@Article{         doran1993lie,
  title         = {Lie Groups as Spin Groups},
  author        = {Doran, Chris and Hestenes, David and Sommen, Frank and Van
                  Acker, Nadine},
  date          = {1993},
  journaltitle  = {Journal of Mathematical Physics},
  volume        = {34},
  pages         = {3642--3669},
  publisher     = {{American Institute of Physics}},
  number        = {8}
}

@Book{            fulton2004representation,
  title         = {Representation theory: a first course},
  author        = {Fulton, William and Harris, Joe},
  year          = {2004},
  publisher     = {Springer}
}

@Article{         gallier2008clifford,
  title         = {Clifford algebras, clifford groups, and a generalization
                  of the quaternions},
  author        = {Gallier, Jean},
  journal       = {arXiv preprint arXiv:0805.0311},
  year          = {2008}
}

@Book{            garling2011clifford,
  title         = {Clifford algebras: an introduction},
  author        = {Garling, David JH},
  volume        = {78},
  year          = {2011},
  publisher     = {Cambridge University Press}
}

@Misc{            grinberg2016clifford,
  title         = {The Clifford algebra and the Chevalley map - a
                  computational approach},
  author        = {Grinberg, Darij},
  year          = {2016},
  url           = {https://www.cip.ifi.lmu.de/~grinberg/algebra/chevalley.pdf}
}

@Book{            hestenes2012clifford,
  title         = {Clifford Algebra to Geometric Calculus: A Unified Language
                  for Mathematics and Physics},
  author        = {Hestenes, David and Sobczyk, Garret},
  year          = {1984},
  date          = {1984},
  volume        = {5},
  publisher     = {{Springer Science \& Business Media}},
  url           = {https://www.springer.com/gp/book/9789027716736}
}

@Article{         izhakian2016supertropical,
  title         = {Supertropical quadratic forms I},
  journal       = {Journal of Pure and Applied Algebra},
  volume        = {220},
  number        = {1},
  pages         = {61-93},
  year          = {2016},
  issn          = {0022-4049},
  doi           = {10.1016/j.jpaa.2015.05.043},
  url           = {https://www.sciencedirect.com/science/article/pii/S0022404915001589},
  author        = {Zur Izhakian and Manfred Knebusch and Louis Rowen}
}

@Article{         jadczyk2019notes,
  title         = {Notes on Clifford Algebras},
  author        = {Jadczyk, Arkadiusz},
  year          = {2019}
}

@Article{         jadczyk2023bundle,
  title         = {On the bundle of Clifford algebras over the space of
                  quadratic forms},
  author        = {Jadczyk, Arkadiusz},
  journal       = {Advances in Applied Clifford Algebras},
  volume        = {33},
  number        = {2},
  pages         = {15},
  year          = {2023},
  publisher     = {Springer}
}

@Book{            lawson2016spin,
  title         = {Spin Geometry (Pms-38)},
  author        = {Lawson, H. Blaine and Michelsohn, Marie-Louise},
  date          = {2016},
  volume        = {38},
  publisher     = {{Princeton university press}}
}

@InCollection{    moura2015lean,
  address       = {Cham},
  title         = {The {Lean} {Theorem} {Prover} ({System} {Description})},
  volume        = {9195},
  isbn          = {978-3-319-21400-9 978-3-319-21401-6},
  url           = {http://link.springer.com/10.1007/978-3-319-21401-6_26},
  urldate       = {2021-03-09},
  booktitle     = {Automated {Deduction} - {CADE}-25},
  publisher     = {Springer International Publishing},
  author        = {de Moura, Leonardo and Kong, Soonho and Avigad, Jeremy and
                  van Doorn, Floris and von Raumer, Jakob},
  editor        = {Felty, Amy P. and Middeldorp, Aart},
  year          = {2015},
  doi           = {10.1007/978-3-319-21401-6_26},
  series        = {Lecture Notes in Computer Science},
  pages         = {378--388}
}

@Book{            lounesto2001clifford,
  title         = {Clifford Algebras and Spinors},
  author        = {Lounesto, Pertti},
  year          = {2001},
  volume        = {286},
  publisher     = {{Cambridge university press}}
}

@Article{         lundholm2009clifford,
  title         = {Clifford algebra, geometric algebra, and applications},
  author        = {Lundholm, Douglas and Svensson, Lars},
  journal       = {arXiv preprint arXiv:0907.5356},
  year          = {2009}
}

@Article{         macdonald2017survey,
  title         = {A Survey of Geometric Algebra and Geometric Calculus},
  author        = {Macdonald, Alan},
  date          = {2017},
  journaltitle  = {Advances in Applied Clifford Algebras},
  volume        = {27},
  pages         = {853--891},
  publisher     = {{Springer}},
  number        = {1}
}

@Article{         mandolesi2022compendium,
  title         = {Compendium on Multivector Contractions},
  author        = {Mandolesi, Andr{\'e} LG},
  journal       = {arXiv preprint arXiv:2205.07608},
  year          = {2022}
}

@InProceedings{   moura2021lean,
  title         = {The lean 4 theorem prover and programming language},
  author        = {Moura, Leonardo de and Ullrich, Sebastian},
  booktitle     = {Automated Deduction--CADE 28: 28th International
                  Conference on Automated Deduction, Virtual Event, July
                  12--15, 2021, Proceedings 28},
  pages         = {625--635},
  year          = {2021},
  organization  = {Springer}
}

@Article{         roelfs2023graded,
  title         = {Graded symmetry groups: plane and simple},
  author        = {Roelfs, Martin and De Keninck, Steven},
  journal       = {Advances in Applied Clifford Algebras},
  volume        = {33},
  number        = {3},
  pages         = {30},
  year          = {2023},
  publisher     = {Springer}
}

@Article{         ruhe2023clifford,
  title         = {Clifford group equivariant neural networks},
  author        = {Ruhe, David and Brandstetter, Johannes and Forr{\'e},
                  Patrick},
  journal       = {arXiv preprint arXiv:2305.11141},
  year          = {2023}
}

@InProceedings{   mathlib2020lean,
  title         = {The Lean Mathematical Library},
  booktitle     = {Proceedings of the 9th {{ACM SIGPLAN International
                  Conference}} on {{Certified Programs}} and {{Proofs}}},
  author        = {{The mathlib Community}},
  date          = {2020-01-20},
  year          = {2020},
  pages         = {367--381},
  publisher     = {{Association for Computing Machinery}},
  location      = {{New Orleans, LA, USA}},
  doi           = {10.1145/3372885.3373824},
  url           = {https://doi.org/10.1145/3372885.3373824},
  urldate       = {2020-07-11},
  abstract      = {This paper describes mathlib, a community-driven effort to
                  build a unified library of mathematics formalized in the
                  Lean proof assistant. Among proof assistant libraries, it
                  is distinguished by its dependently typed foundations,
                  focus on classical mathematics, extensive hierarchy of
                  structures, use of large- and small-scale automation, and
                  distributed organization. We explain the architecture and
                  design decisions of the library and the social organization
                  that has led to its development.},
  isbn          = {978-1-4503-7097-4},
  keywords      = {formal library,formal proof,Lean,mathlib},
  series        = {{{CPP}} 2020}
}

@PhDThesis{       ullrich2023extensible,
  title         = {An Extensible Theorem Proving Frontend},
  author        = {Ullrich, Sebastian Andreas},
  year          = {2023},
  school        = {Dissertation, Karlsruhe, Karlsruher Institut f{\"u}r
                  Technologie (KIT), 2023}
}

@Article{         vistoli2007notes,
  title         = {Notes on clifford algebras, spin groups and triality},
  author        = {Vistoli, Angelo},
  journal       = {Scuola Normale Superiore, Pizza dei Cavalieri},
  volume        = {7},
  number        = {56126},
  pages         = {7},
  year          = {2007}
}

@Article{         wene1989clifford,
  title         = {The {{Clifford}} Algebra of an Infinite-Dimensional
                  Space},
  author        = {Wene, G. P.},
  date          = {1989},
  journaltitle  = {Journal of mathematical physics},
  volume        = {30},
  pages         = {249--251},
  publisher     = {{American Institute of Physics}},
  number        = {2}
}

@Article{         wieser2021scalar,
  title         = {Scalar actions in Lean's mathlib},
  author        = {Wieser, Eric},
  journal       = {arXiv preprint arXiv:2108.10700},
  year          = {2021}
}

@Misc{            wieser2022even,
  title         = {Computing with the universal properties of the Clifford
                  algebra and the even subalgebra},
  author        = {Wieser, Eric},
  howpublished  = {\url{https://eric-wieser.github.io/icacga-2022}},
  year          = {2022}
}

@Article{         wieser2022formalizing,
  title         = {Formalizing geometric algebra in lean},
  author        = {Wieser, Eric and Song, Utensil},
  journal       = {Advances in Applied Clifford Algebras},
  volume        = {32},
  number        = {3},
  pages         = {28},
  year          = {2022},
  publisher     = {Springer}
}

@InProceedings{   wieser2022graded,
  title         = {Graded Rings in Lean’s Dependent Type Theory},
  author        = {Wieser, Eric and Zhang, Jujian},
  booktitle     = {International Conference on Intelligent Computer
                  Mathematics},
  pages         = {122--137},
  year          = {2022},
  organization  = {Springer},
  url           = {https://eric-wieser.github.io/cicm-2022}
}

@Misc{            wieser2022noncommutative,
  title         = {Noncommutative algebras, computer algebra systems, and
                  theorem provers},
  author        = {Wieser, Eric},
  howpublished  = {\url{https://eric-wieser.github.io/divf-2022}},
  year          = {2022}
}

@Article{         wieser2023multiple,
  title         = {Multiple inheritance hazards in algebraic typeclass
                  hierarchies},
  author        = {Wieser, Eric},
  journal       = {arXiv preprint arXiv:2306.00617},
  year          = {2023}
}
